@Unpublished{fhahn,
  author =       {Fabian Hahn},
  title =        {Server load balancing: Wikipedia},
  note =         {Leistungsanalyse: Messen, Modellieren und Simulation},
}

@Article{wikibench,
  author = 	 {Urdaneta, Guido and Pierre, Guillaume and van Steen, Maarten},
  title = 	 {Wikipedia Workload Analysis for Decentralized Hosting},
  volume =       {53},
  number =       {11},
  pages =        {1830-1845},
  month =        {July},
  year = 	 {2009},
  journal = 	 {Elsevier Computer Networks},
  note = 	 {\url{http://www.globule.org/publi/WWADH_comnet2009.html}}
}