@Misc{wikibench,
  author =       {Erik-Jan van Baaren},
  title =        {WikiBench: A distributed, Wikipedia based web application benchmark},
  howpublished = {Masterarbeit, VU University Amsterdam},
  year =         {2009},
  month =        {Mai},
  note =         {\url{http://www.wikibench.eu/wp-content/uploads/2010/10/van-baaren-thesis.pdf}}  
}

@Article{wikianal,
  author = 	 {Urdaneta, Guido and Pierre, Guillaume and van Steen, Maarten},
  title = 	 {Wikipedia Workload Analysis for Decentralized Hosting},
  volume =       {53},
  number =       {11},
  pages =        {1830-1845},
  month =        {Juli},
  year = 	 {2009},
  journal = 	 {Elsevier Computer Networks},
  note = 	 {\url{http://www.globule.org/publi/WWADH_comnet2009.html}}
}

@Misc{mms,
  author =       {Fabian Hahn},
  title =        {Server load balancing: Wikipedia},
  year =         2010,
  howpublished = {Seminararbeit, Univerist√§t Potsdam}
}


